@Manual{rplos,
  title = {{rplos: Interface to the Search API for the 'PLoS' Journals}},
  author = {Scott Chamberlain and Carl Boettiger and Karthik Ram},
  year = {2015},
  note = {R package version 0.4.7},
  url = {{http://CRAN.R-project.org/package=rplos}},
}


@Manual{rcran,
  title = {{R: A Language and Environment for Statistical Computing}},
  author = {{R Core Team}},
  organization = {R Foundation for Statistical Computing},
  address = {Vienna, Austria},
  year = {2015},
  url = {{http://www.R-project.org/}},
}


@MISC{Himmelstein2015-me,
  title = {{Publication delays at {PLOS} and 3,475 other journals}},
  booktitle = {Satoshi Village},
  author = {Himmelstein, Daniel},
  month = {29~ # jun},
  year = {2015},
  url = {http://web.archive.org/web/20150701055009/http://blog.dhimmel.com/plos-and-publishing-delays/},
  howpublished = {\url{http://web.archive.org/web/20150701055009/http://blog.dhimmel.com/plos-and-publishing-delays/}},
  note = {Accessed: 2015-7-1},
}
